DateInfo,Description,Deposits,Withdrawls,Balance
20-Aug-20,Cheque,"3,391.02",0,"83,839.30"
20-Aug-20,ATM,"147,844.20",0,"231,683.50"
20-Aug-20,IMPS,"17,192.00",0,"248,875.50"
21-Aug-20,Transfer,8,0,"248,883.50"
21-Aug-20,Purchase,0,"82,961.17","165,922.33"
21-Aug-20,Tax,"24,459.40",0,"190,381.73"
21-Aug-20,Reversal,0,"19,038.17","171,343.56"
21-Aug-20,Commission,"305,878.00",0,"477,221.56"
21-Aug-20,Reversal,"1,144,337.80",0,"1,621,559.36"
21-Aug-20,Interest,0,"405,389.84","1,216,169.52"
21-Aug-20,Commission,33.08,0,"1,216,202.60"
21-Aug-20,Commission,"20,014.02",0,"1,236,216.62"
21-Aug-20,ATM,0,"1,236,216.62",0
22-Aug-20,Cash,"4,031.60",0,"4,031.60"
22-Aug-20,Cheque,4.9,0,"4,036.50"
22-Aug-20,Miscellaneous,488.61,0,"4,525.11"
22-Aug-20,Interest,"667,800.00",0,"672,325.11"
22-Aug-20,Reversal,0,"112,054.19","560,270.93"
22-Aug-20,Purchase,"162,939.70",0,"723,210.63"
22-Aug-20,Interest,361,0,"723,571.63"
22-Aug-20,NEFT,0,"72,357.16","651,214.47"
23-Aug-20,Purchase,0,"93,030.64","558,183.83"
23-Aug-20,NEFT,0,"93,030.64","465,153.19"
23-Aug-20,Cheque,0,"51,683.69","413,469.50"
23-Aug-20,Purchase,0,"45,941.06","367,528.44"
23-Aug-20,Miscellaneous,63.65,0,"367,592.09"
23-Aug-20,Debit Card,3,0,"367,595.09"
23-Aug-20,Cash,"650,861.00",0,"1,018,456.09"
23-Aug-20,Transfer,34.93,0,"1,018,491.02"
23-Aug-20,Miscellaneous,0,"1,018,491.02",0
23-Aug-20,Purchase,6.11,0,6.11
23-Aug-20,RTGS,"15,980.88",0,"15,986.99"
23-Aug-20,ATM,0,"15,986.99",0
23-Aug-20,RTGS,306.5,0,306.5
23-Aug-20,Purchase,0,61.3,245.2
23-Aug-20,Tax,46,0,291.2
23-Aug-20,Debit Card,0,97.07,194.13
23-Aug-20,Commission,0,19.41,174.72
23-Aug-20,RTGS,6,0,180.72
23-Aug-20,Bill,"3,270.84",0,"3,451.56"
23-Aug-20,Transfer,0,"1,150.52","2,301.04"
23-Aug-20,NEFT,0,328.72,"1,972.32"
23-Aug-20,Bill,0,197.23,"1,775.09"
23-Aug-20,Tax,0,355.02,"1,420.07"
23-Aug-20,RTGS,0,142.01,"1,278.06"
23-Aug-20,Purchase,0,127.81,"1,150.25"
23-Aug-20,Bill,"27,458.28",0,"28,608.53"
23-Aug-20,NEFT,0,"2,860.85","25,747.68"
23-Aug-20,Cash,355.23,0,"26,102.91"
23-Aug-20,NEFT,"1,059,877.50",0,"1,085,980.41"
23-Aug-20,Reversal,0,"542,990.21","542,990.20"
23-Aug-20,Tax,0,"135,747.55","407,242.65"
23-Aug-20,ATM,0,"58,177.52","349,065.13"
23-Aug-20,Interest,0,"87,266.28","261,798.85"
23-Aug-20,Cheque,"2,952.00",0,"264,750.85"
23-Aug-20,IMPS,0,"66,187.71","198,563.14"
23-Aug-20,NEFT,0,"66,187.71","132,375.43"
23-Aug-20,Miscellaneous,9.76,0,"132,385.19"
23-Aug-20,Interest,253.26,0,"132,638.45"
23-Aug-20,Cash,0,"26,527.69","106,110.76"
23-Aug-20,Interest,5.9,0,"106,116.66"
23-Aug-20,RTGS,"1,046,966.50",0,"1,153,083.16"
23-Aug-20,Reversal,0,"144,135.40","1,008,947.76"
23-Aug-20,Debit Card,5,0,"1,008,952.76"
23-Aug-20,Bill,0,"126,119.10","882,833.66"
23-Aug-20,Interest,66.7,0,"882,900.36"
23-Aug-20,Debit Card,6,0,"882,906.36"
23-Aug-20,Bill,0,"88,290.64","794,615.72"
23-Aug-20,Bill,0,"99,326.97","695,288.76"
23-Aug-20,Interest,0,"69,528.88","625,759.88"
23-Aug-20,Bill,33.7,0,"625,793.58"
23-Aug-20,Cheque,429.53,0,"626,223.11"
23-Aug-20,Bill,"1,052,738.00",0,"1,678,961.11"
23-Aug-20,Cash,0,"1,678,961.11",0
23-Aug-20,Debit Card,"32,515.61",0,"32,515.61"
23-Aug-20,RTGS,291.2,0,"32,806.81"
23-Aug-20,Commission,"1,190,196.80",0,"1,223,003.61"
23-Aug-20,Debit Card,"1,043,426.00",0,"2,266,429.61"
23-Aug-20,Miscellaneous,0,"283,303.70","1,983,125.91"
23-Aug-20,Reversal,6.7,0,"1,983,132.61"
23-Aug-20,Interest,0,"220,348.07","1,762,784.54"
23-Aug-20,Cheque,0,"440,696.14","1,322,088.40"
23-Aug-20,Transfer,26.9,0,"1,322,115.30"
23-Aug-20,NEFT,8,0,"1,322,123.30"
23-Aug-20,RTGS,"6,899.92",0,"1,329,023.22"
23-Aug-20,Debit Card,"1,413.00",0,"1,330,436.22"
23-Aug-20,Commission,0,"443,478.74","886,957.48"
23-Aug-20,Bill,0,"126,708.21","760,249.27"
23-Aug-20,Miscellaneous,0,"108,607.04","651,642.23"
23-Aug-20,Transfer,308.8,0,"651,951.03"
24-Aug-20,Cash,0,"108,658.51","543,292.52"
24-Aug-20,Tax,"392,733.00",0,"936,025.52"
24-Aug-20,Reversal,0,"936,025.52",0
24-Aug-20,Commission,6.5,0,6.5
24-Aug-20,IMPS,"7,264.00",0,"7,270.50"
24-Aug-20,RTGS,"81,053.00",0,"88,323.50"
24-Aug-20,Cheque,"21,261.31",0,"109,584.81"
24-Aug-20,Interest,0,"10,958.48","98,626.33"
24-Aug-20,Transfer,12.21,0,"98,638.54"
24-Aug-20,Purchase,0,"16,439.76","82,198.78"
24-Aug-20,Commission,0,"13,699.80","68,498.98"
25-Aug-20,NEFT,32.9,0,"68,531.88"
25-Aug-20,Debit Card,0,"68,531.88",0
25-Aug-20,Reversal,0.14,0,0.14
25-Aug-20,Cash,0,0.07,0.07
25-Aug-20,Cheque,0,0.01,0.06
25-Aug-20,Cheque,19.7,0,19.76
26-Aug-20,Miscellaneous,0,2.82,16.94
26-Aug-20,Transfer,0,2.42,14.52
26-Aug-20,Miscellaneous,0,4.84,9.68
26-Aug-20,Interest,"8,877.00",0,"8,886.68"
26-Aug-20,Bill,0,888.67,"7,998.01"
26-Aug-20,Purchase,0,"1,142.57","6,855.44"
26-Aug-20,Transfer,0,856.93,"5,998.51"
26-Aug-20,Commission,"372,901.00",0,"378,899.51"
26-Aug-20,NEFT,103.45,0,"379,002.96"
26-Aug-20,Tax,3.5,0,"379,006.46"
26-Aug-20,Purchase,0,"126,335.49","252,670.97"
26-Aug-20,ATM,"28,882.63",0,"281,553.60"
26-Aug-20,Tax,0,"70,388.40","211,165.20"
26-Aug-20,ATM,0,"26,395.65","184,769.55"
26-Aug-20,Reversal,"1,042,156.00",0,"1,226,925.55"
26-Aug-20,Commission,0,"306,731.39","920,194.16"
26-Aug-20,Cheque,0,"306,731.39","613,462.77"
26-Aug-20,NEFT,"5,077.00",0,"618,539.77"
26-Aug-20,Reversal,0,"77,317.47","541,222.30"
26-Aug-20,Tax,502.53,0,"541,724.83"
26-Aug-20,ATM,"304,576.00",0,"846,300.83"
26-Aug-20,IMPS,242.65,0,"846,543.48"
26-Aug-20,ATM,0,"120,934.78","725,608.70"
26-Aug-20,Reversal,30,0,"725,638.70"
26-Aug-20,NEFT,"49,253.00",0,"774,891.70"
26-Aug-20,IMPS,26,0,"774,917.70"
26-Aug-20,Debit Card,0,"154,983.54","619,934.16"
26-Aug-20,Tax,0,"61,993.42","557,940.74"
26-Aug-20,Commission,0,"557,940.74",0
26-Aug-20,NEFT,"2,050,673.75",0,"2,050,673.75"
26-Aug-20,Commission,"1,141,399.50",0,"3,192,073.25"
26-Aug-20,Debit Card,0,"456,010.46","2,736,062.79"
26-Aug-20,Miscellaneous,0,"547,212.56","2,188,850.23"
26-Aug-20,Interest,"6,572.59",0,"2,195,422.82"
26-Aug-20,Commission,8,0,"2,195,430.82"
26-Aug-20,Commission,0,"439,086.16","1,756,344.66"
26-Aug-20,Debit Card,3,0,"1,756,347.66"
26-Aug-20,RTGS,"1,518,839.80",0,"3,275,187.46"
26-Aug-20,Interest,0,"545,864.58","2,729,322.88"
26-Aug-20,Miscellaneous,1,0,"2,729,323.88"
26-Aug-20,Cash,446.57,0,"2,729,770.45"
26-Aug-20,Interest,"20,133.00",0,"2,749,903.45"
26-Aug-20,Purchase,0,"274,990.35","2,474,913.10"
26-Aug-20,Cheque,"1,377.60",0,"2,476,290.70"
26-Aug-20,ATM,0,"495,258.14","1,981,032.56"
26-Aug-20,Commission,"108,095.72",0,"2,089,128.28"
27-Aug-20,NEFT,"14,753.10",0,"2,103,881.38"
27-Aug-20,Interest,31.2,0,"2,103,912.58"
27-Aug-20,IMPS,31,0,"2,103,943.58"
27-Aug-20,Bill,"29,117.76",0,"2,133,061.34"
27-Aug-20,NEFT,80.8,0,"2,133,142.14"
27-Aug-20,Tax,0,"266,642.77","1,866,499.37"
27-Aug-20,Debit Card,0,"186,649.94","1,679,849.43"
27-Aug-20,Debit Card,0,"167,984.94","1,511,864.49"
27-Aug-20,Miscellaneous,0,"503,954.83","1,007,909.66"
27-Aug-20,RTGS,"12,216.00",0,"1,020,125.66"
27-Aug-20,Purchase,307,0,"1,020,432.66"
27-Aug-20,Transfer,0,"1,020,432.66",0
27-Aug-20,Cheque,4,0,4
27-Aug-20,Transfer,0,2,2
27-Aug-20,Bill,0,0.25,1.75
27-Aug-20,Commission,0,0.25,1.5
27-Aug-20,Purchase,0,1.5,0
28-Aug-20,Debit Card,431.98,0,431.98
28-Aug-20,Debit Card,"194,391.10",0,"194,823.08"
29-Aug-20,Reversal,0,"48,705.77","146,117.31"
29-Aug-20,RTGS,0,"18,264.66","127,852.65"
29-Aug-20,Reversal,0,"127,852.65",0
29-Aug-20,ATM,84.6,0,84.6
29-Aug-20,IMPS,"28,480.00",0,"28,564.60"
29-Aug-20,Cheque,"1,980.76",0,"30,545.36"
29-Aug-20,Debit Card,0,"15,272.68","15,272.68"
29-Aug-20,RTGS,"1,491,695.00",0,"1,506,967.68"
29-Aug-20,NEFT,0,"167,440.85","1,339,526.83"
29-Aug-20,Cheque,0,"1,339,526.83",0
29-Aug-20,Debit Card,3,0,3
29-Aug-20,Miscellaneous,31.14,0,34.14
29-Aug-20,Purchase,0,8.54,25.6
29-Aug-20,Miscellaneous,"6,982.43",0,"7,008.03"
30-Aug-20,Miscellaneous,7,0,"7,015.03"
31-Aug-20,ATM,"2,256.82",0,"9,271.85"
31-Aug-20,Bill,"31,814.10",0,"41,085.95"
31-Aug-20,Commission,"1,434,390.00",0,"1,475,475.95"
31-Aug-20,Transfer,0,"368,868.99","1,106,606.96"
31-Aug-20,Cheque,0,"221,321.39","885,285.57"
31-Aug-20,NEFT,"1,994,907.80",0,"2,880,193.37"
31-Aug-20,Bill,"7,456.80",0,"2,887,650.17"
31-Aug-20,Purchase,40.7,0,"2,887,690.87"
31-Aug-20,Cheque,"2,267.40",0,"2,889,958.27"
31-Aug-20,Bill,0,"1,444,979.14","1,444,979.14"
31-Aug-20,Reversal,0,"361,244.79","1,083,734.36"
31-Aug-20,Transfer,"7,249.00",0,"1,090,983.36"
31-Aug-20,Transfer,0,"121,220.37","969,762.99"
31-Aug-20,Reversal,0,"96,976.30","872,786.69"
31-Aug-20,Reversal,6.1,0,"872,792.79"
31-Aug-20,Commission,0,"145,465.47","727,327.32"
31-Aug-20,IMPS,"68,690.00",0,"796,017.32"
31-Aug-20,Transfer,0,"199,004.33","597,012.99"
31-Aug-20,Bill,0,"66,334.78","530,678.21"
31-Aug-20,Tax,0,"66,334.78","464,343.43"
31-Aug-20,Bill,0,"464,343.43",0
31-Aug-20,Miscellaneous,53.2,0,53.2
31-Aug-20,Commission,2.3,0,55.5
1-Sep-20,ATM,0,6.17,49.33
1-Sep-20,ATM,"984,263.00",0,"984,312.33"
1-Sep-20,Cheque,"154,027.00",0,"1,138,339.33"
1-Sep-20,Interest,"1,366.00",0,"1,139,705.33"
1-Sep-20,Debit Card,0,"142,463.17","997,242.16"
1-Sep-20,Interest,0,"249,310.54","747,931.62"
1-Sep-20,Cheque,0,"249,310.54","498,621.08"
1-Sep-20,Tax,274.2,0,"498,895.28"
1-Sep-20,NEFT,0,"249,447.64","249,447.64"
1-Sep-20,IMPS,"7,158.00",0,"256,605.64"
1-Sep-20,Debit Card,9.7,0,"256,615.34"
1-Sep-20,ATM,0,"128,307.67","128,307.67"
1-Sep-20,RTGS,"1,573.20",0,"129,880.87"
1-Sep-20,Bill,181.5,0,"130,062.37"
1-Sep-20,Cash,6.62,0,"130,068.99"
2-Sep-20,Cheque,"2,025.80",0,"132,094.79"
2-Sep-20,Commission,0,"132,094.79",0
3-Sep-20,Tax,"210,326.00",0,"210,326.00"
3-Sep-20,Commission,"1,350,758.80",0,"1,561,084.80"
3-Sep-20,ATM,0,"173,453.87","1,387,630.93"
3-Sep-20,ATM,0,"1,387,630.93",0
3-Sep-20,Commission,"3,482.97",0,"3,482.97"
3-Sep-20,ATM,"21,814.90",0,"25,297.87"
3-Sep-20,Tax,0,"6,324.47","18,973.40"
3-Sep-20,Reversal,0,"3,162.23","15,811.17"
3-Sep-20,ATM,0,"1,976.40","13,834.77"
3-Sep-20,Transfer,"1,863,596.80",0,"1,877,431.57"
3-Sep-20,Transfer,0,"625,810.52","1,251,621.05"
3-Sep-20,Transfer,0,"312,905.26","938,715.79"
3-Sep-20,Transfer,"2,973.90",0,"941,689.69"
3-Sep-20,Reversal,23,0,"941,712.69"
4-Sep-20,Tax,0,"117,714.09","823,998.60"
4-Sep-20,Reversal,0,"411,999.30","411,999.30"
4-Sep-20,IMPS,7.17,0,"412,006.47"
4-Sep-20,Miscellaneous,0,"41,200.65","370,805.82"
4-Sep-20,Cash,0,"52,972.26","317,833.56"
4-Sep-20,Reversal,0,"158,916.78","158,916.78"
4-Sep-20,ATM,"165,605.00",0,"324,521.78"
4-Sep-20,NEFT,0,"36,057.98","288,463.80"
4-Sep-20,ATM,0,"144,231.90","144,231.90"
4-Sep-20,NEFT,288.8,0,"144,520.70"
4-Sep-20,Bill,0,"48,173.57","96,347.13"
4-Sep-20,Reversal,12,0,"96,359.13"
4-Sep-20,IMPS,13,0,"96,372.13"
4-Sep-20,Reversal,"190,301.80",0,"286,673.93"
4-Sep-20,Bill,3.93,0,"286,677.86"
4-Sep-20,Cash,"51,929.00",0,"338,606.86"
4-Sep-20,Miscellaneous,49,0,"338,655.86"
5-Sep-20,Transfer,0,"112,885.29","225,770.57"
5-Sep-20,Transfer,1,0,"225,771.57"
5-Sep-20,RTGS,"33,552.00",0,"259,323.57"
5-Sep-20,Reversal,0,"37,046.22","222,277.35"
5-Sep-20,Purchase,"1,296.70",0,"223,574.05"
5-Sep-20,Interest,114,0,"223,688.05"
5-Sep-20,RTGS,"1,999.40",0,"225,687.45"
5-Sep-20,Bill,6,0,"225,693.45"
5-Sep-20,Cheque,0,"32,241.92","193,451.53"
5-Sep-20,Purchase,0,"19,345.15","174,106.38"
5-Sep-20,Bill,"2,554.90",0,"176,661.28"
5-Sep-20,RTGS,0,"22,082.66","154,578.62"
5-Sep-20,Bill,"159,303.28",0,"313,881.90"
5-Sep-20,NEFT,0,"31,388.19","282,493.71"
5-Sep-20,Cheque,853,0,"283,346.71"
5-Sep-20,IMPS,0,"56,669.34","226,677.37"
5-Sep-20,Reversal,"145,939.66",0,"372,617.03"
5-Sep-20,Bill,0,"46,577.13","326,039.90"
5-Sep-20,Purchase,"3,043.00",0,"329,082.90"
5-Sep-20,Commission,"20,403.00",0,"349,485.90"
5-Sep-20,Transfer,0,"69,897.18","279,588.72"
5-Sep-20,ATM,915,0,"280,503.72"
5-Sep-20,Reversal,0,"280,503.72",0
5-Sep-20,NEFT,54.98,0,54.98
5-Sep-20,Reversal,0,11,43.98
5-Sep-20,Interest,191,0,234.98
5-Sep-20,RTGS,0,26.11,208.87
5-Sep-20,Interest,0,29.84,179.03
5-Sep-20,Reversal,"185,222.25",0,"185,401.28"
5-Sep-20,Commission,0,"30,900.21","154,501.07"
6-Sep-20,Miscellaneous,0,"15,450.11","139,050.96"
7-Sep-20,Cheque,"201,799.00",0,"340,849.96"
7-Sep-20,Transfer,0,"170,424.98","170,424.98"
7-Sep-20,Reversal,11.6,0,"170,436.58"
7-Sep-20,ATM,"104,339.00",0,"274,775.58"
7-Sep-20,Bill,0,"45,795.93","228,979.65"
8-Sep-20,Tax,410.25,0,"229,389.90"
8-Sep-20,Purchase,"32,018.00",0,"261,407.90"
8-Sep-20,Purchase,97.49,0,"261,505.39"
8-Sep-20,Purchase,"1,891.00",0,"263,396.39"
8-Sep-20,NEFT,34.36,0,"263,430.75"
8-Sep-20,Cheque,"186,691.12",0,"450,121.87"
8-Sep-20,Purchase,3,0,"450,124.87"
8-Sep-20,Bill,0,"45,012.49","405,112.38"
8-Sep-20,ATM,133.9,0,"405,246.28"
8-Sep-20,Cheque,300.84,0,"405,547.12"
8-Sep-20,Debit Card,"4,017.70",0,"409,564.82"
8-Sep-20,Bill,0,"81,912.96","327,651.86"
8-Sep-20,Transfer,0,"327,651.86",0
8-Sep-20,Interest,"24,809.23",0,"24,809.23"
9-Sep-20,Tax,0,"3,544.18","21,265.05"
9-Sep-20,Bill,0,"21,265.05",0
9-Sep-20,IMPS,182,0,182
9-Sep-20,RTGS,"27,123.40",0,"27,305.40"
9-Sep-20,Purchase,3.8,0,"27,309.20"
9-Sep-20,Tax,0,"6,827.30","20,481.90"
9-Sep-20,Interest,0,"20,481.90",0
10-Sep-20,RTGS,184.1,0,184.1
10-Sep-20,Reversal,0,23.01,161.09
10-Sep-20,IMPS,0,40.27,120.82
10-Sep-20,ATM,"463,902.25",0,"464,023.07"
10-Sep-20,Miscellaneous,0,"116,005.77","348,017.30"
10-Sep-20,Interest,13.73,0,"348,031.03"
10-Sep-20,ATM,"583,057.50",0,"931,088.53"
10-Sep-20,Cash,"85,824.16",0,"1,016,912.69"
10-Sep-20,Cheque,0,"112,990.30","903,922.39"
10-Sep-20,Reversal,0,"301,307.46","602,614.93"
10-Sep-20,Debit Card,"7,673.00",0,"610,287.93"
10-Sep-20,Cash,"511,620.00",0,"1,121,907.93"
10-Sep-20,Miscellaneous,0,"560,953.97","560,953.96"
10-Sep-20,Cheque,4.18,0,"560,958.14"
10-Sep-20,Cheque,"836,263.50",0,"1,397,221.64"
10-Sep-20,Cheque,0,"139,722.16","1,257,499.48"
10-Sep-20,Bill,5.3,0,"1,257,504.78"
10-Sep-20,Purchase,391.6,0,"1,257,896.38"
10-Sep-20,IMPS,0,"179,699.48","1,078,196.90"
10-Sep-20,Purchase,0,"1,078,196.90",0
10-Sep-20,ATM,131.1,0,131.1
10-Sep-20,Reversal,0,14.57,116.53
10-Sep-20,NEFT,0,38.84,77.69
10-Sep-20,Miscellaneous,"5,999.00",0,"6,076.69"
10-Sep-20,Bill,"22,640.61",0,"28,717.30"
10-Sep-20,Cheque,"1,138,106.80",0,"1,166,824.10"
10-Sep-20,Bill,49.61,0,"1,166,873.71"
10-Sep-20,Bill,0,"194,478.95","972,394.76"
10-Sep-20,Interest,"51,062.20",0,"1,023,456.96"
10-Sep-20,Cheque,"3,724.30",0,"1,027,181.26"
10-Sep-20,Cheque,0,"205,436.25","821,745.01"
10-Sep-20,Tax,"16,209.80",0,"837,954.81"
10-Sep-20,RTGS,0,"83,795.48","754,159.33"
10-Sep-20,Interest,0,"83,795.48","670,363.85"
10-Sep-20,Reversal,"1,813,198.50",0,"2,483,562.35"
10-Sep-20,Interest,0,"275,951.37","2,207,610.98"
10-Sep-20,Interest,39,0,"2,207,649.98"
11-Sep-20,Tax,"2,606.00",0,"2,210,255.98"
11-Sep-20,Cheque,0,"2,210,255.98",0
11-Sep-20,Cheque,"173,299.16",0,"173,299.16"
11-Sep-20,ATM,0,"21,662.40","151,636.77"
11-Sep-20,ATM,"621,766.75",0,"773,403.52"
11-Sep-20,NEFT,0,"128,900.59","644,502.93"
11-Sep-20,Cash,0,"161,125.73","483,377.20"
11-Sep-20,Interest,0,"120,844.30","362,532.90"
11-Sep-20,Commission,0,"120,844.30","241,688.60"
11-Sep-20,Transfer,"567,295.50",0,"808,984.10"
12-Sep-20,NEFT,5.6,0,"808,989.70"
12-Sep-20,Reversal,0,"134,831.62","674,158.08"
12-Sep-20,Cash,42.9,0,"674,200.98"
12-Sep-20,NEFT,"2,904.49",0,"677,105.47"
12-Sep-20,Cash,0,"84,638.18","592,467.29"
12-Sep-20,Cash,"196,578.50",0,"789,045.79"
12-Sep-20,Cheque,1.2,0,"789,046.99"
12-Sep-20,Transfer,39.2,0,"789,086.19"
12-Sep-20,RTGS,0,"87,676.24","701,409.95"
12-Sep-20,Commission,0,"233,803.32","467,606.63"
12-Sep-20,RTGS,0,0,"467,606.63"
12-Sep-20,Purchase,0,"93,521.33","374,085.30"
12-Sep-20,Purchase,0,"41,565.03","332,520.27"
12-Sep-20,Interest,"19,537.20",0,"352,057.47"
13-Sep-20,NEFT,379,0,"352,436.47"
13-Sep-20,NEFT,405.1,0,"352,841.57"
13-Sep-20,Cash,0,"50,405.94","302,435.63"
13-Sep-20,Bill,0,"30,243.56","272,192.07"
13-Sep-20,Interest,0,"34,024.01","238,168.06"
13-Sep-20,Miscellaneous,0,"238,168.06",0
13-Sep-20,Debit Card,6.39,0,6.39
13-Sep-20,Transfer,0,6.39,0
13-Sep-20,IMPS,812,0,812
13-Sep-20,Cash,"3,218.00",0,"4,030.00"
13-Sep-20,Interest,0,447.78,"3,582.22"
13-Sep-20,ATM,0,447.78,"3,134.44"
13-Sep-20,Miscellaneous,0,626.89,"2,507.55"
13-Sep-20,Interest,"58,080.00",0,"60,587.55"
13-Sep-20,Purchase,0,"60,587.55",0
13-Sep-20,Tax,"2,318.48",0,"2,318.48"
13-Sep-20,Purchase,0,"2,318.48",0
13-Sep-20,Debit Card,423.33,0,423.33
13-Sep-20,Bill,"15,571.00",0,"15,994.33"
13-Sep-20,Bill,0,"5,331.44","10,662.89"
13-Sep-20,Commission,0,"1,184.77","9,478.12"
14-Sep-20,NEFT,0,"1,184.77","8,293.36"
14-Sep-20,RTGS,"201,882.25",0,"210,175.61"
14-Sep-20,Cash,419.25,0,"210,594.86"
14-Sep-20,RTGS,0,"26,324.36","184,270.50"
14-Sep-20,Bill,"103,581.70",0,"287,852.20"
14-Sep-20,Cash,"1,607,421.25",0,"1,895,273.45"
14-Sep-20,ATM,0,"473,818.36","1,421,455.09"
14-Sep-20,Tax,0,"142,145.51","1,279,309.58"
14-Sep-20,ATM,6.33,0,"1,279,315.91"
14-Sep-20,Miscellaneous,"3,948.00",0,"1,283,263.91"
14-Sep-20,NEFT,111.09,0,"1,283,375.00"
14-Sep-20,Commission,0,"160,421.88","1,122,953.12"
14-Sep-20,Transfer,"7,244.00",0,"1,130,197.12"
14-Sep-20,Bill,"8,014.55",0,"1,138,211.67"
14-Sep-20,Bill,61,0,"1,138,272.67"
14-Sep-20,Interest,0,"284,568.17","853,704.50"
14-Sep-20,RTGS,0,"121,957.79","731,746.71"
14-Sep-20,Debit Card,0,"91,468.34","640,278.37"
14-Sep-20,RTGS,0,"128,055.67","512,222.70"
14-Sep-20,Purchase,"1,865.00",0,"514,087.70"
14-Sep-20,Miscellaneous,"9,342.40",0,"523,430.10"
14-Sep-20,Cheque,"2,749.40",0,"526,179.50"
14-Sep-20,Tax,0,"105,235.90","420,943.60"
14-Sep-20,Interest,0,"105,235.90","315,707.70"
14-Sep-20,NEFT,0,"31,570.77","284,136.93"
14-Sep-20,RTGS,419.9,0,"284,556.83"
14-Sep-20,Cash,"778,190.00",0,"1,062,746.83"
14-Sep-20,Transfer,51.1,0,"1,062,797.93"
14-Sep-20,ATM,7,0,"1,062,804.93"
14-Sep-20,Miscellaneous,"1,906.00",0,"1,064,710.93"
14-Sep-20,Purchase,0,"266,177.73","798,533.20"
14-Sep-20,Bill,"3,702.00",0,"802,235.20"
14-Sep-20,Transfer,0,"133,705.87","668,529.33"
14-Sep-20,Bill,"3,408.60",0,"671,937.93"
14-Sep-20,Miscellaneous,0,"223,979.31","447,958.62"
14-Sep-20,Interest,232.55,0,"448,191.17"
14-Sep-20,Commission,0,"149,397.06","298,794.11"
14-Sep-20,Cash,5.34,0,"298,799.45"
14-Sep-20,RTGS,4.05,0,"298,803.50"
14-Sep-20,IMPS,0,"298,803.50",0
14-Sep-20,NEFT,"1,305,216.50",0,"1,305,216.50"
14-Sep-20,Purchase,"2,727.30",0,"1,307,943.80"
14-Sep-20,Transfer,0,"326,985.95","980,957.85"
14-Sep-20,Cash,370,0,"981,327.85"
14-Sep-20,Cheque,3.7,0,"981,331.55"
14-Sep-20,Debit Card,316.93,0,"981,648.48"
14-Sep-20,Debit Card,"1,826,917.00",0,"2,808,565.48"
14-Sep-20,RTGS,1.4,0,"2,808,566.88"
14-Sep-20,Debit Card,0,"561,713.38","2,246,853.50"
14-Sep-20,Purchase,0,"449,370.70","1,797,482.80"
14-Sep-20,Commission,0,"299,580.47","1,497,902.33"
14-Sep-20,Cheque,0,"249,650.39","1,248,251.94"
14-Sep-20,RTGS,0,"416,083.98","832,167.96"
14-Sep-20,Miscellaneous,"222,220.16",0,"1,054,388.12"
14-Sep-20,RTGS,"202,931.40",0,"1,257,319.52"
14-Sep-20,Purchase,0,"157,164.94","1,100,154.58"
14-Sep-20,Bill,0,"183,359.10","916,795.48"
14-Sep-20,Miscellaneous,38.07,0,"916,833.55"
14-Sep-20,Commission,"147,797.00",0,"1,064,630.55"
14-Sep-20,Transfer,0,"532,315.28","532,315.28"
14-Sep-20,Miscellaneous,0,"53,231.53","479,083.75"
14-Sep-20,Reversal,"6,320.11",0,"485,403.86"
14-Sep-20,Cash,6.06,0,"485,409.92"
14-Sep-20,Cash,0,"60,676.24","424,733.68"
14-Sep-20,ATM,"3,916.00",0,"428,649.68"
14-Sep-20,RTGS,"23,383.16",0,"452,032.84"
15-Sep-20,Commission,0,"64,576.12","387,456.72"
15-Sep-20,Tax,0,"38,745.67","348,711.05"
15-Sep-20,IMPS,0,"348,711.05",0
15-Sep-20,NEFT,"1,257.00",0,"1,257.00"
15-Sep-20,Cash,0,179.57,"1,077.43"
15-Sep-20,IMPS,0,"1,077.43",0
15-Sep-20,Bill,342.93,0,342.93
15-Sep-20,Debit Card,0,42.87,300.06
15-Sep-20,Interest,0,100.02,200.04
15-Sep-20,Miscellaneous,5.37,0,205.41
15-Sep-20,Debit Card,132.9,0,338.31
15-Sep-20,Tax,"22,987.00",0,"23,325.31"
15-Sep-20,Cheque,0,"5,831.33","17,493.98"
15-Sep-20,Bill,0,"8,746.99","8,746.99"
15-Sep-20,Tax,0,"8,746.99",0
15-Sep-20,Cheque,5.55,0,5.55
15-Sep-20,Reversal,0,5.55,0
15-Sep-20,Tax,126.5,0,126.5
15-Sep-20,Commission,0,21.08,105.42
15-Sep-20,Transfer,0,52.71,52.71
15-Sep-20,NEFT,0,13.18,39.53
15-Sep-20,Miscellaneous,4.22,0,43.75
15-Sep-20,Purchase,0,5.47,38.28
15-Sep-20,Interest,0,38.28,0
15-Sep-20,Bill,457.84,0,457.84
15-Sep-20,ATM,451.4,0,909.24
15-Sep-20,Cheque,0,454.62,454.62
15-Sep-20,ATM,"20,622.50",0,"21,077.12"
15-Sep-20,Transfer,0.9,0,"21,078.02"
15-Sep-20,Cheque,"1,025.70",0,"22,103.72"
15-Sep-20,Interest,0,"3,683.95","18,419.77"
15-Sep-20,Commission,0,"3,683.95","14,735.82"
15-Sep-20,Interest,0,"1,473.58","13,262.24"
15-Sep-20,Cheque,0,"13,262.24",0
15-Sep-20,Cheque,"994,038.00",0,"994,038.00"
15-Sep-20,Interest,0,"198,807.60","795,230.40"
16-Sep-20,Interest,0,"198,807.60","596,422.80"
16-Sep-20,IMPS,0,"74,552.85","521,869.95"
17-Sep-20,Reversal,0,"74,552.85","447,317.10"
17-Sep-20,IMPS,0,"49,701.90","397,615.20"
17-Sep-20,NEFT,0,"49,701.90","347,913.30"
17-Sep-20,Transfer,0,"86,978.33","260,934.97"
17-Sep-20,Transfer,0,"65,233.74","195,701.23"
17-Sep-20,Transfer,0,"195,701.23",0
17-Sep-20,Cheque,136.01,0,136.01
17-Sep-20,Transfer,0,13.6,122.41
17-Sep-20,Commission,193.66,0,316.07
17-Sep-20,RTGS,13,0,329.07
17-Sep-20,IMPS,6,0,335.07
17-Sep-20,Cheque,0,37.23,297.84
17-Sep-20,Purchase,0,37.23,260.61
17-Sep-20,Transfer,2,0,262.61
17-Sep-20,Commission,0,262.61,0
17-Sep-20,Tax,"9,828.98",0,"9,828.98"
17-Sep-20,Commission,"600,156.50",0,"609,985.48"
17-Sep-20,Bill,0,"609,985.48",0
17-Sep-20,RTGS,"29,450.75",0,"29,450.75"
17-Sep-20,Cash,0,"3,681.34","25,769.41"
17-Sep-20,IMPS,0,"2,863.27","22,906.14"
17-Sep-20,Interest,0,"11,453.07","11,453.07"
17-Sep-20,Cheque,0,"5,726.54","5,726.54"
17-Sep-20,IMPS,284.4,0,"6,010.94"
17-Sep-20,NEFT,0,"2,003.65","4,007.29"
17-Sep-20,RTGS,"1,914,618.25",0,"1,918,625.54"
17-Sep-20,RTGS,"221,929.50",0,"2,140,555.04"
17-Sep-20,Tax,0,"428,111.01","1,712,444.03"
17-Sep-20,Bill,125.1,0,"1,712,569.13"
17-Sep-20,Purchase,0,"190,285.46","1,522,283.67"
17-Sep-20,NEFT,"1,240,887.00",0,"2,763,170.67"
17-Sep-20,Cheque,51.8,0,"2,763,222.47"
17-Sep-20,Commission,0,"552,644.49","2,210,577.98"
17-Sep-20,Transfer,"1,614,432.25",0,"3,825,010.23"
17-Sep-20,ATM,0,"765,002.05","3,060,008.18"
17-Sep-20,Purchase,0,"510,001.36","2,550,006.82"
17-Sep-20,RTGS,0,"425,001.14","2,125,005.68"
17-Sep-20,Miscellaneous,"1,815,043.25",0,"3,940,048.93"
17-Sep-20,Miscellaneous,"64,893.60",0,"4,004,942.53"
17-Sep-20,IMPS,"809,104.80",0,"4,814,047.33"
17-Sep-20,Cash,"2,979.00",0,"4,817,026.33"
17-Sep-20,RTGS,371.52,0,"4,817,397.85"
17-Sep-20,Transfer,"126,231.00",0,"4,943,628.85"
17-Sep-20,Transfer,0,"1,647,876.28","3,295,752.57"
17-Sep-20,Purchase,385.81,0,"3,296,138.38"
17-Sep-20,Commission,0,"3,296,138.38",0
17-Sep-20,Miscellaneous,29.24,0,29.24
17-Sep-20,Bill,55,0,84.24
17-Sep-20,Debit Card,7.2,0,91.44
17-Sep-20,NEFT,11,0,102.44
17-Sep-20,NEFT,"31,724.70",0,"31,827.14"
17-Sep-20,Cash,0,"6,365.43","25,461.71"
17-Sep-20,Bill,0,"12,730.86","12,730.86"
17-Sep-20,Debit Card,208.7,0,"12,939.56"
17-Sep-20,Cash,49,0,"12,988.56"
17-Sep-20,Miscellaneous,"111,773.00",0,"124,761.56"
17-Sep-20,Purchase,"23,196.16",0,"147,957.72"
17-Sep-20,Cheque,"2,993.79",0,"150,951.51"
17-Sep-20,Interest,0,"150,951.51",0
17-Sep-20,Debit Card,"28,309.00",0,"28,309.00"
17-Sep-20,Interest,0,"14,154.50","14,154.50"
17-Sep-20,Cash,663,0,"14,817.50"
17-Sep-20,Tax,0,"1,481.75","13,335.75"
17-Sep-20,Cash,0,"13,335.75",0
17-Sep-20,ATM,"159,100.06",0,"159,100.06"
17-Sep-20,Reversal,0,"39,775.02","119,325.04"
17-Sep-20,RTGS,61,0,"119,386.04"
17-Sep-20,Debit Card,0,"119,386.04",0
17-Sep-20,Debit Card,263.1,0,263.1
17-Sep-20,Cheque,"3,430.80",0,"3,693.90"
17-Sep-20,IMPS,0,"3,693.90",0
17-Sep-20,IMPS,"318,121.00",0,"318,121.00"
17-Sep-20,Cheque,61.2,0,"318,182.20"
17-Sep-20,Reversal,0,"318,182.20",0
17-Sep-20,Bill,446,0,446
18-Sep-20,NEFT,0,44.6,401.4
18-Sep-20,RTGS,0,133.8,267.6
18-Sep-20,Transfer,0,133.8,133.8
18-Sep-20,NEFT,0,26.76,107.04
18-Sep-20,RTGS,"3,908.70",0,"4,015.74"
18-Sep-20,IMPS,0,"1,003.94","3,011.80"
18-Sep-20,Purchase,0,"1,003.93","2,007.87"
18-Sep-20,Tax,"6,936.09",0,"8,943.96"
18-Sep-20,Commission,0,993.77,"7,950.19"
18-Sep-20,RTGS,276.84,0,"8,227.03"
18-Sep-20,NEFT,0,"2,742.34","5,484.69"
18-Sep-20,Bill,"146,966.10",0,"152,450.79"
18-Sep-20,Bill,140.7,0,"152,591.49"
18-Sep-20,IMPS,5,0,"152,596.49"
18-Sep-20,RTGS,0,"21,799.50","130,796.99"
18-Sep-20,IMPS,0,"32,699.25","98,097.74"
18-Sep-20,IMPS,69,0,"98,166.74"
18-Sep-20,ATM,"1,890,558.00",0,"1,988,724.74"
18-Sep-20,Debit Card,"8,482.20",0,"1,997,206.94"
18-Sep-20,Tax,0,"665,735.65","1,331,471.29"
18-Sep-20,Miscellaneous,0,"665,735.65","665,735.64"
18-Sep-20,Commission,0,"665,735.64",0
18-Sep-20,Interest,"358,288.00",0,"358,288.00"
18-Sep-20,Tax,5,0,"358,293.00"
18-Sep-20,Purchase,0,"59,715.50","298,577.50"
18-Sep-20,Miscellaneous,26.2,0,"298,603.70"
18-Sep-20,NEFT,47.13,0,"298,650.83"
18-Sep-20,Debit Card,0,"49,775.14","248,875.69"
18-Sep-20,Reversal,531,0,"249,406.69"
18-Sep-20,Tax,"1,523,086.00",0,"1,772,492.69"
18-Sep-20,Cash,"27,525.80",0,"1,800,018.49"
18-Sep-20,Reversal,0,"225,002.31","1,575,016.18"
19-Sep-20,Purchase,0,"157,501.62","1,417,514.56"
19-Sep-20,ATM,0,"141,751.46","1,275,763.10"
19-Sep-20,RTGS,"116,363.20",0,"1,392,126.30"
19-Sep-20,Interest,46,0,"1,392,172.30"
19-Sep-20,Miscellaneous,"1,374.76",0,"1,393,547.06"
19-Sep-20,Cheque,0,"278,709.41","1,114,837.65"
19-Sep-20,Cheque,"23,227.50",0,"1,138,065.15"
19-Sep-20,Cash,"155,419.75",0,"1,293,484.90"
19-Sep-20,RTGS,0,"184,783.56","1,108,701.34"
19-Sep-20,Commission,"1,864,383.50",0,"2,973,084.84"
20-Sep-20,Interest,"1,609.00",0,"2,974,693.84"
20-Sep-20,Bill,2.7,0,"2,974,696.54"
20-Sep-20,Debit Card,496.5,0,"2,975,193.04"
20-Sep-20,Cash,478,0,"2,975,671.04"
20-Sep-20,IMPS,35.4,0,"2,975,706.44"
20-Sep-20,Transfer,"853,460.00",0,"3,829,166.44"
20-Sep-20,Miscellaneous,0,"382,916.64","3,446,249.80"
20-Sep-20,Commission,"9,441.34",0,"3,455,691.14"
20-Sep-20,Purchase,"27,688.60",0,"3,483,379.74"
20-Sep-20,Debit Card,1.6,0,"3,483,381.34"
20-Sep-20,Purchase,"4,067.30",0,"3,487,448.64"
21-Sep-20,Cash,0,"871,862.16","2,615,586.48"
21-Sep-20,ATM,"3,960.60",0,"2,619,547.08"
21-Sep-20,Tax,"149,289.25",0,"2,768,836.33"
21-Sep-20,Tax,376,0,"2,769,212.33"
21-Sep-20,RTGS,0,"307,690.26","2,461,522.07"
21-Sep-20,NEFT,0,"615,380.52","1,846,141.55"
21-Sep-20,Miscellaneous,0,"461,535.39","1,384,606.16"
21-Sep-20,Purchase,"191,195.09",0,"1,575,801.25"
21-Sep-20,Reversal,10,0,"1,575,811.25"
22-Sep-20,Reversal,475.13,0,"1,576,286.38"
22-Sep-20,Bill,0,"197,035.80","1,379,250.58"
22-Sep-20,Bill,53.7,0,"1,379,304.28"
22-Sep-20,Cash,0,"197,043.47","1,182,260.81"
22-Sep-20,Reversal,0,"197,043.47","985,217.34"
22-Sep-20,Reversal,"73,899.00",0,"1,059,116.34"
22-Sep-20,Commission,"24,678.50",0,"1,083,794.84"
22-Sep-20,Debit Card,0,"120,421.65","963,373.19"
22-Sep-20,Interest,0,"240,843.30","722,529.89"
22-Sep-20,IMPS,441.2,0,"722,971.09"
22-Sep-20,Debit Card,3.9,0,"722,974.99"
22-Sep-20,NEFT,"1,933,335.50",0,"2,656,310.49"
23-Sep-20,Cash,37.64,0,"2,656,348.13"
23-Sep-20,Cheque,"222,988.10",0,"2,879,336.23"
23-Sep-20,ATM,0,"319,926.25","2,559,409.98"
23-Sep-20,RTGS,109.88,0,"2,559,519.86"
23-Sep-20,RTGS,0,"2,559,519.86",0
23-Sep-20,RTGS,"2,538.70",0,"2,538.70"
23-Sep-20,Interest,0,"1,269.35","1,269.35"
23-Sep-20,NEFT,0,"1,269.35",0
23-Sep-20,ATM,42.9,0,42.9
23-Sep-20,Interest,0,7.15,35.75
23-Sep-20,Reversal,107.4,0,143.15
23-Sep-20,Bill,"1,992.45",0,"2,135.60"
23-Sep-20,Debit Card,58,0,"2,193.60"
23-Sep-20,Debit Card,0,243.73,"1,949.87"
23-Sep-20,Cheque,0,389.97,"1,559.90"
23-Sep-20,Bill,0,173.32,"1,386.58"
23-Sep-20,Commission,"1,288.00",0,"2,674.58"
23-Sep-20,Tax,1.92,0,"2,676.50"
23-Sep-20,ATM,0,"2,676.50",0
23-Sep-20,Purchase,62,0,62
23-Sep-20,Reversal,"76,454.25",0,"76,516.25"
23-Sep-20,Purchase,377.8,0,"76,894.05"
24-Sep-20,NEFT,"14,252.06",0,"91,146.11"
24-Sep-20,Commission,0,"45,573.06","45,573.06"
24-Sep-20,Cheque,0,"15,191.02","30,382.04"
24-Sep-20,Bill,0,"15,191.02","15,191.02"
24-Sep-20,Commission,0,"1,519.10","13,671.92"
24-Sep-20,NEFT,2.3,0,"13,674.22"
24-Sep-20,Debit Card,0,"1,519.36","12,154.86"
24-Sep-20,Cheque,"25,178.00",0,"37,332.86"
24-Sep-20,Purchase,0,"12,444.29","24,888.57"
24-Sep-20,Tax,0,"6,222.14","18,666.43"
24-Sep-20,Transfer,300,0,"18,966.43"
24-Sep-20,Tax,"3,452.10",0,"22,418.53"
24-Sep-20,Bill,"25,587.95",0,"48,006.48"
24-Sep-20,IMPS,"8,961.66",0,"56,968.14"
24-Sep-20,Tax,0,"5,696.81","51,271.33"
24-Sep-20,Purchase,5,0,"51,276.33"
24-Sep-20,Cash,"1,441.00",0,"52,717.33"
24-Sep-20,IMPS,59.4,0,"52,776.73"
24-Sep-20,Transfer,31,0,"52,807.73"
24-Sep-20,NEFT,0,"26,403.87","26,403.86"
24-Sep-20,Interest,5,0,"26,408.86"
24-Sep-20,IMPS,0,"26,408.86",0
24-Sep-20,NEFT,"8,845.40",0,"8,845.40"
24-Sep-20,Reversal,287,0,"9,132.40"
24-Sep-20,Bill,0,"1,826.48","7,305.92"
24-Sep-20,Miscellaneous,0,"1,217.65","6,088.27"
24-Sep-20,Bill,"129,407.40",0,"135,495.67"
24-Sep-20,Miscellaneous,0,"135,495.67",0
24-Sep-20,Bill,5.61,0,5.61
24-Sep-20,NEFT,0,0.56,5.05
24-Sep-20,IMPS,0,0.51,4.54
24-Sep-20,IMPS,0,0.91,3.63
24-Sep-20,ATM,4,0,7.63
24-Sep-20,ATM,"38,838.20",0,"38,845.83"
24-Sep-20,Tax,0,"9,711.46","29,134.37"
24-Sep-20,Bill,0,"3,237.15","25,897.22"
24-Sep-20,Interest,44.58,0,"25,941.80"
24-Sep-20,ATM,38.89,0,"25,980.69"
24-Sep-20,ATM,0,"8,660.23","17,320.46"
24-Sep-20,RTGS,"131,430.00",0,"148,750.46"
25-Sep-20,Cash,"2,619.10",0,"151,369.56"
25-Sep-20,Interest,3,0,"151,372.56"
25-Sep-20,ATM,0,"75,686.28","75,686.28"
25-Sep-20,IMPS,34,0,"75,720.28"
25-Sep-20,Debit Card,0,"18,930.07","56,790.21"
25-Sep-20,Tax,7,0,"56,797.21"
25-Sep-20,Purchase,0,"56,797.21",0
25-Sep-20,Reversal,73.8,0,73.8
26-Sep-20,Commission,"12,850.60",0,"12,924.40"
26-Sep-20,Interest,"22,297.46",0,"35,221.86"
26-Sep-20,Tax,0,"35,221.86",0
26-Sep-20,RTGS,5,0,5
26-Sep-20,Reversal,"28,731.40",0,"28,736.40"
26-Sep-20,NEFT,0,"3,192.93","25,543.47"
26-Sep-20,Cash,"31,751.80",0,"57,295.27"
26-Sep-20,Bill,0,"57,295.27",0
26-Sep-20,Cheque,"902,573.80",0,"902,573.80"
26-Sep-20,Cash,0,"112,821.73","789,752.08"
26-Sep-20,RTGS,4.8,0,"789,756.88"
26-Sep-20,Bill,3,0,"789,759.88"
26-Sep-20,Cash,0,"157,951.98","631,807.90"
26-Sep-20,Reversal,0,"70,200.88","561,607.02"
26-Sep-20,Reversal,20.15,0,"561,627.17"
26-Sep-20,Reversal,4.54,0,"561,631.71"
26-Sep-20,ATM,"1,474,867.75",0,"2,036,499.46"
26-Sep-20,IMPS,"12,068.15",0,"2,048,567.61"
27-Sep-20,Purchase,0,"341,427.94","1,707,139.68"
27-Sep-20,Bill,388.64,0,"1,707,528.32"
27-Sep-20,IMPS,"1,514,982.75",0,"3,222,511.07"
27-Sep-20,Interest,0,"537,085.18","2,685,425.89"
27-Sep-20,Purchase,"897,084.25",0,"3,582,510.14"
27-Sep-20,ATM,32,0,"3,582,542.14"
27-Sep-20,Purchase,"107,495.22",0,"3,690,037.36"
27-Sep-20,NEFT,0,"527,148.19","3,162,889.17"
27-Sep-20,Reversal,0,"316,288.92","2,846,600.25"
27-Sep-20,Tax,"71,165.00",0,"2,917,765.25"
27-Sep-20,RTGS,3.9,0,"2,917,769.15"
27-Sep-20,NEFT,0,"364,721.14","2,553,048.01"
27-Sep-20,Miscellaneous,0,"255,304.80","2,297,743.21"
27-Sep-20,NEFT,"84,276.00",0,"2,382,019.21"
27-Sep-20,Bill,512,0,"2,382,531.21"
27-Sep-20,NEFT,28,0,"2,382,559.21"
27-Sep-20,Reversal,0,"2,382,559.21",0
27-Sep-20,Transfer,"1,477,663.00",0,"1,477,663.00"
27-Sep-20,Cheque,0,"164,184.78","1,313,478.22"
27-Sep-20,Cheque,0,"218,913.04","1,094,565.18"
27-Sep-20,Debit Card,0,"136,820.65","957,744.53"
27-Sep-20,Cheque,"20,370.66",0,"978,115.19"
27-Sep-20,Cheque,0,"489,057.60","489,057.60"
27-Sep-20,Tax,"12,487.18",0,"501,544.78"
27-Sep-20,Cheque,0,"125,386.20","376,158.58"
27-Sep-20,IMPS,0,"188,079.29","188,079.29"
27-Sep-20,RTGS,0,"188,079.29",0
27-Sep-20,Debit Card,"12,213.10",0,"12,213.10"
27-Sep-20,IMPS,504.3,0,"12,717.40"
27-Sep-20,Reversal,0,"1,271.74","11,445.66"
27-Sep-20,Transfer,0,"1,271.74","10,173.92"
27-Sep-20,Miscellaneous,0,"1,695.65","8,478.27"
27-Sep-20,IMPS,"21,185.30",0,"29,663.57"
27-Sep-20,Cash,0,"3,707.95","25,955.62"
27-Sep-20,NEFT,0,"3,244.45","22,711.17"
27-Sep-20,Bill,"25,388.45",0,"48,099.62"
27-Sep-20,Miscellaneous,"8,538.50",0,"56,638.12"
27-Sep-20,Cheque,416.94,0,"57,055.06"
27-Sep-20,Tax,0,"14,263.77","42,791.30"
27-Sep-20,Miscellaneous,57.5,0,"42,848.80"
27-Sep-20,Tax,"29,055.90",0,"71,904.70"
27-Sep-20,RTGS,0,"23,968.23","47,936.47"
27-Sep-20,Cash,"209,641.00",0,"257,577.47"
27-Sep-20,Reversal,"20,317.79",0,"277,895.26"
28-Sep-20,Bill,0,"46,315.88","231,579.38"
28-Sep-20,RTGS,"16,760.19",0,"248,339.57"
28-Sep-20,Bill,0,"24,833.96","223,505.61"
28-Sep-20,Tax,"210,337.69",0,"433,843.30"
28-Sep-20,RTGS,"1,493.00",0,"435,336.30"
28-Sep-20,Interest,0,"145,112.10","290,224.20"
28-Sep-20,Transfer,0,"145,112.10","145,112.10"
28-Sep-20,Tax,7.14,0,"145,119.24"
28-Sep-20,Cash,0,"36,279.81","108,839.43"
28-Sep-20,Transfer,"13,646.00",0,"122,485.43"
28-Sep-20,RTGS,"109,819.70",0,"232,305.13"
28-Sep-20,Cash,0,"232,305.13",0
28-Sep-20,NEFT,"19,387.10",0,"19,387.10"
28-Sep-20,Reversal,60,0,"19,447.10"
28-Sep-20,RTGS,0,"6,482.37","12,964.73"
28-Sep-20,Commission,19.97,0,"12,984.70"
28-Sep-20,Cash,0,"1,854.96","11,129.74"
28-Sep-20,Transfer,1.6,0,"11,131.34"
28-Sep-20,Cash,0,"1,391.42","9,739.92"
28-Sep-20,Interest,0,"1,623.32","8,116.60"
28-Sep-20,Reversal,"86,461.00",0,"94,577.60"
28-Sep-20,Interest,35,0,"94,612.60"
28-Sep-20,IMPS,5,0,"94,617.60"
28-Sep-20,Purchase,490,0,"95,107.60"
28-Sep-20,Debit Card,0,"10,567.51","84,540.09"
28-Sep-20,Commission,"202,301.80",0,"286,841.89"
28-Sep-20,Purchase,0,"286,841.89",0
28-Sep-20,RTGS,"19,819.24",0,"19,819.24"
28-Sep-20,Cash,"1,238,927.00",0,"1,258,746.24"
28-Sep-20,RTGS,0,"179,820.89","1,078,925.35"
28-Sep-20,Tax,354.68,0,"1,079,280.03"
28-Sep-20,NEFT,2.3,0,"1,079,282.33"
28-Sep-20,NEFT,33,0,"1,079,315.33"
28-Sep-20,ATM,20,0,"1,079,335.33"
28-Sep-20,RTGS,0,"107,933.53","971,401.80"
28-Sep-20,Bill,"1,408,102.00",0,"2,379,503.80"
28-Sep-20,Debit Card,0,"339,929.11","2,039,574.69"
28-Sep-20,IMPS,8,0,"2,039,582.69"
28-Sep-20,RTGS,"23,293.00",0,"2,062,875.69"
28-Sep-20,Tax,0,"206,287.57","1,856,588.12"
29-Sep-20,Commission,0,"309,431.35","1,547,156.77"
29-Sep-20,NEFT,0,"515,718.92","1,031,437.85"
29-Sep-20,Transfer,58.9,0,"1,031,496.75"
29-Sep-20,RTGS,0,"206,299.35","825,197.40"
29-Sep-20,Interest,0,"82,519.74","742,677.66"
29-Sep-20,Transfer,5,0,"742,682.66"
29-Sep-20,Debit Card,53.09,0,"742,735.75"
29-Sep-20,Bill,0,"148,547.15","594,188.60"
29-Sep-20,Reversal,0,"297,094.30","297,094.30"
29-Sep-20,Cheque,"49,162.00",0,"346,256.30"
29-Sep-20,Transfer,"102,012.00",0,"448,268.30"
29-Sep-20,Bill,0,"448,268.30",0
29-Sep-20,Reversal,3,0,3
30-Sep-20,IMPS,"3,598.00",0,"3,601.00"
30-Sep-20,IMPS,0,"3,601.00",0
1-Oct-20,IMPS,2.44,0,2.44
1-Oct-20,Miscellaneous,0,0.35,2.09
1-Oct-20,ATM,0,1.05,1.04
2-Oct-20,Reversal,0,0.17,0.87
2-Oct-20,Interest,"1,038,375.50",0,"1,038,376.37"
2-Oct-20,Commission,0,"115,375.15","923,001.22"
2-Oct-20,RTGS,0,"307,667.07","615,334.15"
2-Oct-20,Transfer,"203,637.00",0,"818,971.15"
2-Oct-20,ATM,0,"163,794.23","655,176.92"
2-Oct-20,Tax,327.8,0,"655,504.72"
2-Oct-20,IMPS,0,"327,752.36","327,752.36"
2-Oct-20,Cheque,"23,844.12",0,"351,596.48"
2-Oct-20,Transfer,211.23,0,"351,807.71"
2-Oct-20,Tax,41.42,0,"351,849.13"
2-Oct-20,Bill,0,"50,264.16","301,584.97"
2-Oct-20,ATM,74,0,"301,658.97"
2-Oct-20,Reversal,0,"301,658.97",0
2-Oct-20,Debit Card,48.8,0,48.8
2-Oct-20,RTGS,0,6.1,42.7
2-Oct-20,IMPS,0,8.54,34.16
2-Oct-20,Bill,0,6.83,27.33
2-Oct-20,ATM,0,9.11,18.22
2-Oct-20,Purchase,"30,185.50",0,"30,203.72"
2-Oct-20,NEFT,0,"6,040.74","24,162.98"
2-Oct-20,IMPS,0,"4,832.60","19,330.38"
2-Oct-20,Cash,0,"9,665.19","9,665.19"
2-Oct-20,Commission,0,"1,380.74","8,284.45"
2-Oct-20,Interest,"143,794.00",0,"152,078.45"
2-Oct-20,Debit Card,"2,947.20",0,"155,025.65"
2-Oct-20,Debit Card,0,"25,837.61","129,188.04"
2-Oct-20,Transfer,4,0,"129,192.04"
2-Oct-20,Transfer,"2,815.14",0,"132,007.18"
2-Oct-20,Tax,0.7,0,"132,007.88"
2-Oct-20,Transfer,0,"132,007.88",0
2-Oct-20,Miscellaneous,5,0,5
2-Oct-20,RTGS,"76,403.22",0,"76,408.22"
2-Oct-20,Cash,0,"19,102.06","57,306.16"
2-Oct-20,Bill,"1,655.00",0,"58,961.16"
2-Oct-20,Debit Card,0,"5,896.12","53,065.04"
2-Oct-20,Debit Card,"1,218,957.00",0,"1,272,022.04"
2-Oct-20,IMPS,0,"127,202.20","1,144,819.84"
2-Oct-20,Bill,"1,390,978.20",0,"2,535,798.04"
2-Oct-20,RTGS,0,"281,755.34","2,254,042.70"
3-Oct-20,Cheque,"27,524.00",0,"2,281,566.70"
3-Oct-20,Cash,0,"285,195.84","1,996,370.86"
4-Oct-20,Commission,0,"998,185.43","998,185.43"
4-Oct-20,IMPS,0,"99,818.54","898,366.89"
4-Oct-20,Miscellaneous,"7,837.00",0,"906,203.89"
4-Oct-20,Transfer,0,"453,101.95","453,101.94"
4-Oct-20,ATM,363.18,0,"453,465.12"
4-Oct-20,Cash,0,"50,385.01","403,080.11"
4-Oct-20,IMPS,"1,443,622.00",0,"1,846,702.11"
4-Oct-20,RTGS,"3,347.60",0,"1,850,049.71"
4-Oct-20,RTGS,0,"616,683.24","1,233,366.47"
4-Oct-20,Debit Card,"150,470.62",0,"1,383,837.09"
4-Oct-20,Tax,63,0,"1,383,900.09"
4-Oct-20,Bill,203.33,0,"1,384,103.42"
4-Oct-20,Reversal,0,"346,025.86","1,038,077.56"
4-Oct-20,Transfer,"1,101.00",0,"1,039,178.56"
4-Oct-20,NEFT,0,"103,917.86","935,260.70"
4-Oct-20,ATM,0,"187,052.14","748,208.56"
4-Oct-20,IMPS,0,"124,701.43","623,507.13"
4-Oct-20,Cash,0,"311,753.57","311,753.56"
5-Oct-20,Transfer,0,"77,938.39","233,815.17"
5-Oct-20,IMPS,102,0,"233,917.17"
5-Oct-20,ATM,0,"233,917.17",0
5-Oct-20,Commission,"3,973.23",0,"3,973.23"
5-Oct-20,Cheque,"443,570.00",0,"447,543.23"
5-Oct-20,NEFT,0,"49,727.03","397,816.20"
5-Oct-20,Purchase,0,"397,816.20",0
5-Oct-20,IMPS,137.45,0,137.45
5-Oct-20,Miscellaneous,0,45.82,91.63
5-Oct-20,Purchase,"1,960.00",0,"2,051.63"
5-Oct-20,Commission,"1,359.10",0,"3,410.73"
5-Oct-20,Cash,0,"1,705.37","1,705.36"
5-Oct-20,NEFT,6.4,0,"1,711.76"
5-Oct-20,Interest,0,285.29,"1,426.47"
5-Oct-20,IMPS,0,158.5,"1,267.97"
5-Oct-20,Debit Card,0,181.14,"1,086.83"
5-Oct-20,Cash,5.96,0,"1,092.79"
5-Oct-20,Reversal,0,109.28,983.51
5-Oct-20,Tax,641,0,"1,624.51"
5-Oct-20,Reversal,911,0,"2,535.51"
5-Oct-20,Tax,0,507.1,"2,028.41"
5-Oct-20,Miscellaneous,0,676.14,"1,352.27"
5-Oct-20,NEFT,0,193.18,"1,159.09"
5-Oct-20,Purchase,21.33,0,"1,180.42"
5-Oct-20,Transfer,44.11,0,"1,224.53"
5-Oct-20,IMPS,0,612.27,612.26
5-Oct-20,Transfer,"168,429.00",0,"169,041.26"
6-Oct-20,Cash,"1,802,968.00",0,"1,972,009.26"
7-Oct-20,IMPS,64.24,0,"1,972,073.50"
7-Oct-20,RTGS,"1,840,410.00",0,"3,812,483.50"
7-Oct-20,NEFT,0,"1,270,827.83","2,541,655.67"
7-Oct-20,IMPS,"1,348,931.00",0,"3,890,586.67"
7-Oct-20,ATM,0,"432,287.41","3,458,299.26"
7-Oct-20,Cheque,"1,666.40",0,"3,459,965.66"
7-Oct-20,ATM,11,0,"3,459,976.66"
7-Oct-20,Purchase,0,"345,997.67","3,113,978.99"
7-Oct-20,Cash,0,"3,113,978.99",0
7-Oct-20,Transfer,50,0,50
7-Oct-20,Cash,0,10,40
7-Oct-20,Tax,0,20,20
7-Oct-20,Transfer,496.86,0,516.86
7-Oct-20,RTGS,0,64.61,452.25
7-Oct-20,Transfer,"830,130.25",0,"830,582.50"
7-Oct-20,Reversal,0,"103,822.81","726,759.69"
7-Oct-20,Cash,36,0,"726,795.69"
7-Oct-20,Tax,0,"181,698.92","545,096.77"
7-Oct-20,Reversal,"161,347.00",0,"706,443.77"
7-Oct-20,Reversal,0,"117,740.63","588,703.14"
7-Oct-20,RTGS,211,0,"588,914.14"
7-Oct-20,ATM,0,"196,304.71","392,609.43"
7-Oct-20,IMPS,95.5,0,"392,704.93"
7-Oct-20,Purchase,0,"65,450.82","327,254.11"
7-Oct-20,Debit Card,30.45,0,"327,284.56"
7-Oct-20,Tax,0,"81,821.14","245,463.42"
7-Oct-20,Cash,0,"81,821.14","163,642.28"
7-Oct-20,Purchase,0,"16,364.23","147,278.05"
8-Oct-20,Transfer,0,"24,546.34","122,731.71"
8-Oct-20,ATM,19.7,0,"122,751.41"
8-Oct-20,RTGS,5.48,0,"122,756.89"
8-Oct-20,Interest,0,"61,378.45","61,378.44"
8-Oct-20,Tax,"2,877.40",0,"64,255.84"
8-Oct-20,Tax,"3,388.22",0,"67,644.06"
8-Oct-20,Interest,"6,887.50",0,"74,531.56"
8-Oct-20,Bill,0,"10,647.37","63,884.19"
8-Oct-20,NEFT,0,"6,388.42","57,495.77"
8-Oct-20,Bill,"1,866.60",0,"59,362.37"
8-Oct-20,Interest,0,"19,787.46","39,574.91"
8-Oct-20,Reversal,0,"9,893.73","29,681.18"
8-Oct-20,ATM,3.53,0,"29,684.71"
8-Oct-20,Cash,0,"2,968.47","26,716.24"
8-Oct-20,Miscellaneous,25,0,"26,741.24"
8-Oct-20,Transfer,0,"13,370.62","13,370.62"
8-Oct-20,Debit Card,0,"3,342.66","10,027.96"
8-Oct-20,Miscellaneous,0,"1,671.33","8,356.63"
8-Oct-20,Miscellaneous,4.84,0,"8,361.47"
8-Oct-20,Interest,0,"1,672.29","6,689.18"
8-Oct-20,ATM,9,0,"6,698.18"
8-Oct-20,Miscellaneous,0,"6,698.18",0
8-Oct-20,IMPS,341.84,0,341.84
8-Oct-20,NEFT,0,85.46,256.38
8-Oct-20,Commission,506.98,0,763.36
8-Oct-20,Interest,0,95.42,667.94
8-Oct-20,Miscellaneous,"144,086.00",0,"144,753.94"
8-Oct-20,NEFT,0,"18,094.24","126,659.70"
8-Oct-20,RTGS,0,"21,109.95","105,549.75"
8-Oct-20,RTGS,0,"52,774.88","52,774.88"
8-Oct-20,Purchase,0,"5,863.88","46,911.00"
8-Oct-20,Miscellaneous,"358,845.00",0,"405,756.00"
8-Oct-20,Purchase,43,0,"405,799.00"
8-Oct-20,Miscellaneous,0,"81,159.80","324,639.20"
8-Oct-20,Cheque,"522,390.25",0,"847,029.45"
8-Oct-20,Interest,0,"94,114.38","752,915.07"
9-Oct-20,Cheque,0,"150,583.01","602,332.06"
9-Oct-20,Tax,0,"602,332.06",0
9-Oct-20,IMPS,168,0,168
9-Oct-20,Commission,"31,331.80",0,"31,499.80"
9-Oct-20,Transfer,14.74,0,"31,514.54"
9-Oct-20,Interest,"200,068.50",0,"231,583.04"
9-Oct-20,Bill,1,0,"231,584.04"
9-Oct-20,Bill,58.09,0,"231,642.13"
